@online{paskaituSkaidres,
author={K. Lapin},
title={,,Žmogaus - kompiuterio sąveikos'' paskaitų skaidrės},
url={http://web.vu.lt/mif/k.lapin/lt/category/destymas-3/zks/}
}

@online{bendriReikalavimai,
title={Bendrieji reikalavimai laboratoriniams darbams},
url={http://web.vu.lt/mif/k.lapin/files/2017/09/0_Tvarka_ir_bendrieji_reikalavimai_2017.pdf}
}

@online{laboratorinioAprasas,
title={Laboratorinio darbo aprašas},
url={http://web.vu.lt/mif/k.lapin/files/2017/09/1_Poreikiai2017.pdf}
}